%%% --- CF --- %%%
%%%%% Reddy - Music recommendation system based on matrix factorization technique -SVD
@INPROCEEDINGS{Reddy2014music,
  author={Sunitha Reddy, M. and Adilakshmi, T.},
  booktitle={2014 International Conference on Computer Communication and Informatics}, 
  title={Music recommendation system based on matrix factorization technique -SVD}, 
  year={2014},
  volume={},
  number={},
  pages={1-6},
  doi={10.1109/ICCCI.2014.6921744}
}
%%%% Barathy - Applying Matrix Factorization In Collaborative Filtering Recommender Systems
@INPROCEEDINGS{Barathy2020Matrix,
  author={Barathy, R. and Chitra, P.},
  booktitle={2020 6th International Conference on Advanced Computing and Communication Systems (ICACCS)}, 
  title={Applying Matrix Factorization In Collaborative Filtering Recommender Systems}, 
  year={2020},
  volume={},
  number={},
  pages={635-639},
  doi={10.1109/ICACCS48705.2020.9074227}
}
%%%% Breese - Empirical Analysis of Predictive Algorithms for Collaborative Filtering
@article{breese2013empirical,
  title={Empirical analysis of predictive algorithms for collaborative filtering},
  author={Breese, John S and Heckerman, David and Kadie, Carl},
  journal={arXiv preprint arXiv:1301.7363},
  year={2013}
}
%%%% Sarwar - Item-Based Collaborative Filtering Recommendation Algorithms
@inproceedings{sarwar2001item,
  title={Item-based collaborative filtering recommendation algorithms},
  author={Sarwar, Badrul and Karypis, George and Konstan, Joseph and Riedl, John},
  booktitle={Proceedings of the 10th international conference on World Wide Web},
  pages={285--295},
  year={2001}
}
%%%% Linden - Amazon. com recommendations: Item-to-item collaborative filtering
@article{linden2003amazon,
  title={Amazon. com recommendations: Item-to-item collaborative filtering},
  author={Linden, Greg and Smith, Brent and York, Jeremy},
  journal={IEEE Internet computing},
  volume={7},
  number={1},
  pages={76--80},
  year={2003},
  publisher={IEEE}
}
%%%% Bennett - The netflix prize
@inproceedings{bennett2007netflix,
  title={The netflix prize},
  author={Bennett, James and Lanning, Stan and others},
  booktitle={Proceedings of KDD cup and workshop},
  volume={2007},
  pages={35},
  year={2007},
  organization={Citeseer}
}
%%%%%%%%%%%%%%%%%%%%%%%%%%%%%%%%%%%%%%%%%%%%%%%%%%
%%% --- Content-based --- %%%
%%%% Pazzani - Content-based recommendation systems
@incollection{pazzani2007content,
  title={Content-based recommendation systems},
  author={Pazzani, Michael J and Billsus, Daniel},
  booktitle={The adaptive web},
  pages={325--341},
  year={2007},
  publisher={Springer}
}
%%%% FLEX: Singla - A Content Based Movie Recommender
@INPROCEEDINGS{Singla2020flex,
  author={Singla, Rujhan and Gupta, Saamarth and Gupta, Anirudh and Vishwakarma, Dinesh Kumar},
  booktitle={2020 International Conference for Emerging Technology (INCET)}, 
  title={FLEX: A Content Based Movie Recommender}, 
  year={2020},
  volume={},
  number={},
  pages={1-4},
  doi={10.1109/INCET49848.2020.9154163}
}
%%%% Van - Using content-based filtering for recommendation
@inproceedings{van2000using,
  title={Using content-based filtering for recommendation},
  author={Van Meteren, Robin and Van Someren, Maarten},
  booktitle={Proceedings of the machine learning in the new information age: MLnet/ECML2000 workshop},
  volume={30},
  pages={47--56},
  year={2000}
}
%%%% Cantador - Content-based recommendation in social tagging systems
@inproceedings{cantador2010content,
  title={Content-based recommendation in social tagging systems},
  author={Cantador, Iv{\'a}n and Bellog{\'\i}n, Alejandro and Vallet, David},
  booktitle={Proceedings of the fourth ACM conference on Recommender systems},
  pages={237--240},
  year={2010}
}
%%%% Basu - Recommendation as classification: Using social and content-based information in recommendation
@inproceedings{basu1998recommendation,
  title={Recommendation as classification: Using social and content-based information in recommendation},
  author={Basu, Chumki and Hirsh, Haym and Cohen, William and others},
  booktitle={Aaai/iaai},
  pages={714--720},
  year={1998}
}
%%%%%%%%%%%%%%%%%%%%%%%%%%%%%%%%%%%%%%%%%%%%%%%%%%
%%%% ---- Audio ---- %%%%
%%%% Shao - Music Recommendation Based on Acoustic Features and User Access Patterns
@ARTICLE{5230332,
  author={Shao, Bo and Wang, Dingding and Li, Tao and Ogihara, Mitsunori},
  journal={IEEE Transactions on Audio, Speech, and Language Processing}, 
  title={Music Recommendation Based on Acoustic Features and User Access Patterns}, 
  year={2009},
  volume={17},
  number={8},
  pages={1602-1611},
  doi={10.1109/TASL.2009.2020893}}
%%%% Soleymani - Content-based music recommendation using underlying music preference structure
@INPROCEEDINGS{7177504,
author={Soleymani, Mohammad and Aljanaki, Anna and Wiering, Frans and Veltkamp, Remco C.},
booktitle={2015 IEEE International Conference on Multimedia and Expo (ICME)}, 
title={Content-based music recommendation using underlying music preference structure}, 
year={2015},
volume={},
number={},
pages={1-6},
doi={10.1109/ICME.2015.7177504}}
%%%%%%%%%%%%%%%%%%%%%%%%%%%%%%%%%%%%%%%%%%%%%%%%%%
%%% --- Pre- Post- filtering --- %%%
%%%% Panniello - Comparing context-aware recommender systems in terms of accuracy and diversity
@article{panniello2014comparing,
  title={Comparing context-aware recommender systems in terms of accuracy and diversity},
  author={Panniello, Umberto and Tuzhilin, Alexander and Gorgoglione, Michele},
  journal={User Modeling and User-Adapted Interaction},
  volume={24},
  number={1},
  pages={35--65},
  year={2014},
  publisher={Springer}
}
%%%% Panniello - Experimental comparison of pre-vs. post-filtering approaches in context-aware recommender systems
@inproceedings{panniello2009experimental,
  title={Experimental comparison of pre-vs. post-filtering approaches in context-aware recommender systems},
  author={Panniello, Umberto and Tuzhilin, Alexander and Gorgoglione, Michele and Palmisano, Cosimo and Pedone, Anto},
  booktitle={Proceedings of the third ACM conference on Recommender systems},
  pages={265--268},
  year={2009}
}
%%%% Gorgoglione - Including context in a transactional recommender system using a pre-filtering approach: two real e-commerce applications
@inproceedings{gorgoglione2009including,
  title={Including context in a transactional recommender system using a pre-filtering approach: two real e-commerce applications},
  author={Gorgoglione, Michele and Panniello, Umberto},
  booktitle={2009 International Conference on Advanced Information Networking and Applications Workshops},
  pages={667--672},
  year={2009},
  organization={IEEE}
}
%%%% Codina - Exploiting the semantic similarity of contextual situations for pre-filtering recommendation
@inproceedings{codina2013exploiting,
  title={Exploiting the semantic similarity of contextual situations for pre-filtering recommendation},
  author={Codina, Victor and Ricci, Francesco and Ceccaroni, Luigi},
  booktitle={International Conference on User Modeling, Adaptation, and Personalization},
  pages={165--177},
  year={2013},
  organization={Springer}
}
%%%% Ramirez - Post-filtering for a restaurant context-aware recommender system
@incollection{ramirez2014post,
  title={Post-filtering for a restaurant context-aware recommender system},
  author={Ramirez-Garcia, Xochilt and Garc{\'\i}a-Valdez, Mario},
  booktitle={Recent advances on hybrid approaches for designing intelligent systems},
  pages={695--707},
  year={2014},
  publisher={Springer}
}
%%%%%%%%%%%%%%%%%%%%%%%%%%%%%%%%%%%%%%%%%%%%%%%%%%
%%% --- Contextual model --- %%%
%%%% Chatti - Tag-based collaborative filtering recommendation in personal learning environments
@article{chatti2013tag,
  title={Tag-based collaborative filtering recommendation in personal learning environments},
  author={Chatti, Mohamed Amine and Dakova, Simona and Th{\"u}s, Hendrik and Schroeder, Ulrik},
  journal={IEEE Transactions on learning technologies},
  volume={6},
  number={4},
  pages={337--349},
  year={2013},
  publisher={IEEE}
}
%%%% Balabanovi - Fab: content-based, collaborative recommendation
@article{balabanovic1997fab,
  title={Fab: content-based, collaborative recommendation},
  author={Balabanovi{\'c}, Marko and Shoham, Yoav},
  journal={Communications of the ACM},
  volume={40},
  number={3},
  pages={66--72},
  year={1997},
  publisher={ACM New York, NY, USA}
}
%%%% Tso-Sutter - Tag-aware recommender systems by fusion of collaborative filtering algorithms
@inproceedings{tso2008tag,
  title={Tag-aware recommender systems by fusion of collaborative filtering algorithms},
  author={Tso-Sutter, Karen HL and Marinho, Leandro Balby and Schmidt-Thieme, Lars},
  booktitle={Proceedings of the 2008 ACM symposium on Applied computing},
  pages={1995--1999},
  year={2008}
}
%%%% Hornung - Evaluating hybrid music recommender systems
@inproceedings{hornung2013evaluating,
  title={Evaluating hybrid music recommender systems},
  author={Hornung, Thomas and Ziegler, Cai-Nicolas and Franz, Simon and Przyjaciel-Zablocki, Martin and Sch{\"a}tzle, Alexander and Lausen, Georg},
  booktitle={2013 IEEE/WIC/ACM International Joint Conferences on Web Intelligence (WI) and Intelligent Agent Technologies (IAT)},
  volume={1},
  pages={57--64},
  year={2013},
  organization={IEEE}
}
%%%% Zhang - Recommendation algorithm based on user attributes and tag preferences
@inproceedings{zhang2020recommendation,
  title={Recommendation algorithm based on user attributes and tag preferences},
  author={Zhang, Min and Yan, Xiaoling and Peng, Hongwei},
  booktitle={Journal of Physics: Conference Series},
  volume={1684},
  number={1},
  pages={012081},
  year={2020},
  organization={IOP Publishing}
}
%%%% Riyahi - Providing effective recommendations in discussion groups using a new hybrid recommender system based on implicit ratings and semantic similarity
@article{riyahi2020providing,
  title={Providing effective recommendations in discussion groups using a new hybrid recommender system based on implicit ratings and semantic similarity},
  author={Riyahi, Masoumeh and Sohrabi, Mohammad Karim},
  journal={Electronic Commerce Research and Applications},
  volume={40},
  pages={100938},
  year={2020},
  publisher={Elsevier}
}
%%%%%%%%%%%%%%%%%%%%%%%%%%%%%%%%%%%%%%%%%%%%%%%%%%
%%%% ---- Network-based model ---- %%%%%
%%%% Zheng - A tag-based integrated diffusion model for personalized location recommendation
@inproceedings{zheng2017tag,
  title={A tag-based integrated diffusion model for personalized location recommendation},
  author={Zheng, Yaolin and Wang, Yulong and Zhang, Lei and Wang, Jingyu and Qi, Qi},
  booktitle={International Conference on Neural Information Processing},
  pages={327--337},
  year={2017},
  organization={Springer}
}
%%%% Zhang - Personalized social image recommendation method based on user-image-tag model
@article{zhang2017personalized,
  title={Personalized social image recommendation method based on user-image-tag model},
  author={Zhang, Jing and Yang, Ying and Tian, Qi and Zhuo, Li and Liu, Xin},
  journal={IEEE Transactions on Multimedia},
  volume={19},
  number={11},
  pages={2439--2449},
  year={2017},
  publisher={IEEE}
}
%%%%%%%%%%%%%%%%%%%%%%%%%%%%%%%%%%%%%%%%%%%%%%%%%%
%%%% ---- Tensor-based model ---- %%%%%
%%%% Karatzoglou - Multiverse recommendation: n-dimensional tensor factorization for context-aware collaborative filtering
@inproceedings{karatzoglou2010multiverse,
  title={Multiverse recommendation: n-dimensional tensor factorization for context-aware collaborative filtering},
  author={Karatzoglou, Alexandros and Amatriain, Xavier and Baltrunas, Linas and Oliver, Nuria},
  booktitle={Proceedings of the fourth ACM conference on Recommender systems},
  pages={79--86},
  year={2010}
}
%%%% Nanopoulos - Musicbox: Personalized music recommendation based on cubic analysis of social tags
@article{nanopoulos2009musicbox,
  title={Musicbox: Personalized music recommendation based on cubic analysis of social tags},
  author={Nanopoulos, Alexandros and Rafailidis, Dimitrios and Symeonidis, Panagiotis and Manolopoulos, Yannis},
  journal={IEEE Transactions on Audio, Speech, and Language Processing},
  volume={18},
  number={2},
  pages={407--412},
  year={2009},
  publisher={IEEE}
}
%%%% Symeonidis - A unified framework for providing recommendations in social tagging systems based on ternary semantic analysis
@article{symeonidis2009unified,
  title={A unified framework for providing recommendations in social tagging systems based on ternary semantic analysis},
  author={Symeonidis, Panagiotis and Nanopoulos, Alexandros and Manolopoulos, Yannis},
  journal={IEEE Transactions on Knowledge and Data Engineering},
  volume={22},
  number={2},
  pages={179--192},
  year={2009},
  publisher={IEEE}
}
%%%% Osmanli - Using tag similarity in svd-based recommendation systems
@inproceedings{osmanli2011using,
  title={Using tag similarity in svd-based recommendation systems},
  author={Osmanli, Osman Nuri and Toroslu, {\.I}smail Hakk{\i}},
  booktitle={2011 5th International Conference on Application of Information and Communication Technologies (AICT)},
  pages={1--4},
  year={2011},
  organization={IEEE}
}
%%%%%%%%%%%%%%%%%%%%%%%%%%%%%%%%%%%%%%%%%%%%%%%%%%
%%%% ---- Topic-based model ---- %%%%%
%%%% Krestel - Latent dirichlet allocation for tag recommendation
@inproceedings{krestel2009latent,
  title={Latent dirichlet allocation for tag recommendation},
  author={Krestel, Ralf and Fankhauser, Peter and Nejdl, Wolfgang},
  booktitle={Proceedings of the third ACM conference on Recommender systems},
  pages={61--68},
  year={2009}
}
%%%% Hariri - Context-aware music recommendation based on latenttopic sequential patterns
@inproceedings{hariri2012context,
  title={Context-aware music recommendation based on latenttopic sequential patterns},
  author={Hariri, Negar and Mobasher, Bamshad and Burke, Robin},
  booktitle={Proceedings of the sixth ACM conference on Recommender systems},
  pages={131--138},
  year={2012}
}
%%%% Umbrath - A hybrid PLSA approach for warmer cold start in folksonomy recommendation
@article{umbrath2009hybrid,
  title={A hybrid PLSA approach for warmer cold start in folksonomy recommendation},
  author={Umbrath, Alan Said Robert Wetzker Winfried and Hennig, Leonhard},
  journal={Recommender Systems \& the Social Web},
  pages={10--13},
  year={2009}
}
%%%%%%%%%%%%%%%%%%%%%%%%%%%%%%%%%%%%%%%%%%%%%%%%%%
%%%% ---- Implicit feedback ---- %%%%
%%%% Yifan - Collaborative filtering for implicit feedback datasets
@inproceedings{hu2008collaborative,
  title={Collaborative filtering for implicit feedback datasets},
  author={Hu, Yifan and Koren, Yehuda and Volinsky, Chris},
  booktitle={2008 Eighth IEEE International Conference on Data Mining},
  pages={263--272},
  year={2008},
  organization={Ieee}
}
%%%% Pacula - A matrix factorization algorithm for music recommendation using implicit user feedback
@misc{pacula2009matrix,
  title={A matrix factorization algorithm for music recommendation using implicit user feedback},
  author={Pacula, Maciej},
  year={2009},
  publisher={Cambridge: MIT CSAIL}
}
%%%%%%%%%%%%%%%%%%%%%%%%%%%%%%%%%%%%%%%%%%%%%%%%%%
%%%% ---- low-rank approximation ---- %%%%
%%%% Sarwar - Application of dimensionality reduction in recommender system-a case study
@techreport{sarwar2000application,
  title={Application of dimensionality reduction in recommender system-a case study},
  author={Sarwar, Badrul and Karypis, George and Konstan, Joseph and Riedl, John},
  year={2000},
  institution={Minnesota Univ Minneapolis Dept of Computer Science}
}
%%%%%%%%%%%%%%%%%%%%%%%%%%%%%%%%%%%%%%%%%%%%%%%%%%
%%%% ---- Dataset ---- %%%%
%%%% Spotify
@inproceedings{spotify2018,
author = {Chen, Ching-Wei and Lamere, Paul and Schedl, Markus and Zamani, Hamed},
title = {Recsys Challenge 2018: Automatic Music Playlist Continuation},
year = {2018},
isbn = {9781450359016},
publisher = {Association for Computing Machinery},
address = {New York, NY, USA},
pages = {527–528},
numpages = {2},
location = {Vancouver, British Columbia, Canada},
series = {RecSys '18}
}
%%%% MLHD
@inproceedings{vigliensoni17music,
    Author = {Vigliensoni, Gabriel and Fujinaga, Ichiro},
    Title = {The music listening histories dataset},
    Booktitle = {Proceedings of the 18th International Society for Music Information Retrieval Conference},
    Address = {Suzhou, People's Republic of China},
    Pages = {96--102},
    Year = {2017},
}
%%%% Lastfm
@INPROCEEDINGS{Bertin-Mahieux2011,
  author = {Thierry Bertin-Mahieux and Daniel P.W. Ellis and Brian Whitman and Paul Lamere},
  title = {The Million Song Dataset},
  booktitle = {{Proceedings of the 12th International Conference on Music Information
	Retrieval ({ISMIR} 2011)}},
  year = {2011},
  owner = {thierry},
  timestamp = {2010.03.07}
}
%%%% MovieLens
@article{harper2015movielens,
  title={The movielens datasets: History and context},
  author={Harper, F Maxwell and Konstan, Joseph A},
  journal={Acm transactions on interactive intelligent systems (tiis)},
  volume={5},
  number={4},
  pages={1--19},
  year={2015},
  publisher={ACM New York, NY, USA}
}
%%%% MuTube
@INPROCEEDINGS{MuTube2020ICS,  
    author={Wang, Yi-Chen and Yang, Pei-Lin and Sou, Sok-Ian and Hsieh, Hsun-Ping},
    booktitle={2020 International Computer Symposium (ICS)},
    title={The MuTube Dataset for Music Listening History Retrieval and Recommendation System},
    year={2020},
    volume={},  number={},
    pages={55-60},
    doi={10.1109/ICS51289.2020.00021}}
%%%%%%%%%%%%%%%%%%%%%%%%%%%%%%%%%%%%%%%%%%%%%%%%%%

%%%%%% Evaluation Metrics %%%%%%%%%%%%%%%%%%
%%%%%% Coverage
@article{KaminskasCoverage,
author = {Kaminskas, Marius and Bridge, Derek},
title = {Diversity, Serendipity, Novelty, and Coverage: A Survey and Empirical Analysis of Beyond-Accuracy Objectives in Recommender Systems},
year = {2016},
issue_date = {March 2017},
publisher = {Association for Computing Machinery},
address = {New York, NY, USA},
volume = {7},
number = {1},
issn = {2160-6455},
url = {https://doi.org/10.1145/2926720},
doi = {10.1145/2926720},
journal = {ACM Trans. Interact. Intell. Syst.},
month = {dec},
articleno = {2},
numpages = {42},
}
@ARTICLE{8826263,  
author={Niu, Ke and Zhao, Xiangyu and Li, Fangfang and Li, Ning and Peng, Xueping and Chen, Wei},  
journal={IEEE Access},   
title={UTSP: User-Based Two-Step Recommendation With Popularity Normalization Towards Diversity and Novelty},   
year={2019},  
volume={7},  
number={},  
pages={145426-145434},  
doi={10.1109/ACCESS.2019.2939945}}
%%%%%%%%%%%%%%%%%%%%%%%%%%%%%%%%%%%%%%%%%%%%%%%%%%
%%%%%%%%%%%%%%%%%%%%%%%%%%%%%%%%%%%%%%%%%%%%%%%%%%
